%% This BibTeX bibliography file was created using BibDesk.
%% http://bibdesk.sourceforge.net/


%% Created for Austen Lamacraft at 2016-09-29 15:29:46 +0100 


%% Saved with string encoding Unicode (UTF-8) 



@book{Sutherland:2004,
	Author = {Sutherland, Bill},
	Date-Added = {2016-09-29 14:29:45 +0000},
	Date-Modified = {2016-09-29 14:29:46 +0000},
	Publisher = {World Scientific},
	Title = {Beautiful models: 70 years of exactly solved quantum many-body problems},
	Year = {2004}}

@book{Coleman:2015,
	Author = {Coleman, Piers},
	Date-Added = {2016-09-29 11:37:44 +0000},
	Date-Modified = {2016-09-29 11:37:45 +0000},
	Publisher = {Cambridge University Press},
	Title = {Introduction to many-body physics},
	Year = {2015}}

@book{Nazarov:2013,
	Author = {Nazarov, Yuli V and Danon, Jeroen},
	Date-Added = {2016-09-29 11:36:35 +0000},
	Date-Modified = {2016-09-29 11:36:37 +0000},
	Publisher = {Cambridge University Press},
	Title = {Advanced Quantum Mechanics: A Practical Guide},
	Year = {2013}}

@book{Altland:2010,
	Author = {Altland, Alexander and Simons, Ben D},
	Date-Added = {2016-09-29 11:36:00 +0000},
	Date-Modified = {2016-09-29 11:36:01 +0000},
	Publisher = {Cambridge University Press},
	Title = {Condensed matter field theory},
	Year = {2010}}

@book{Stone:1992,
	Author = {Stone, Michael},
	Date-Added = {2016-09-21 14:06:14 +0000},
	Date-Modified = {2016-09-21 14:06:15 +0000},
	Publisher = {World Scientific},
	Title = {Quantum Hall Effect},
	Year = {1992}}

@incollection{Girvin:1999,
	Author = {Girvin, Steven M},
	Booktitle = {Aspects topologiques de la physique en basse dimension. Topological aspects of low dimensional systems},
	Date-Added = {2016-09-21 14:04:50 +0000},
	Date-Modified = {2016-09-21 14:04:51 +0000},
	Pages = {53--175},
	Publisher = {Springer},
	Title = {The quantum Hall effect: novel excitations and broken symmetries},
	Year = {1999}}

@book{Auerbach:2012,
	Author = {Auerbach, Assa},
	Date-Added = {2016-09-21 13:57:51 +0000},
	Date-Modified = {2016-09-21 14:00:24 +0000},
	Publisher = {Springer Science \& Business Media},
	Title = {Interacting electrons and quantum magnetism},
	Year = {2012}}

@article{feynman1953,
	Author = {Feynman, RP},
	Date-Added = {2012-12-31 00:44:06 +0000},
	Date-Modified = {2012-12-31 00:44:07 +0000},
	Journal = {Physical Review},
	Number = {6},
	Pages = {1291},
	Publisher = {APS},
	Title = {Atomic theory of the $\lambda$ transition in Helium},
	Volume = {91},
	Year = {1953}}

@article{Magyar1963,
	Author = {Magyar, G. and Mandel, L.},
	Date-Added = {2012-12-28 14:31:08 +0000},
	Date-Modified = {2012-12-28 14:31:08 +0000},
	Journal = {Nature},
	Number = {4877},
	Pages = {255--256},
	Title = {{Interference fringes produced by superposition of two independent Maser light beams}},
	Volume = {198},
	Year = {1963}}

@article{Andrews1997,
	Author = {Andrews, MR and Townsend, CG and Miesner, H.J. and Durfee, DS and Kurn, DM and Ketterle, W.},
	Date-Added = {2012-12-28 14:30:58 +0000},
	Date-Modified = {2012-12-28 14:30:58 +0000},
	Journal = {Science},
	Number = {5300},
	Pages = {637--641},
	Title = {{Observation of Interference Between Two Bose Condensates}},
	Volume = {275},
	Year = {1997}}

@book{Baym:1969,
	Author = {Baym, G.},
	Date-Added = {2012-12-28 14:19:36 +0000},
	Date-Modified = {2016-09-21 14:09:21 +0000},
	Publisher = {WA Benjamin New York},
	Title = {Lectures on quantum mechanics},
	Year = {1969}}

@article{brown1956cbp,
	Author = {Brown, R.H. and Twiss, RQ},
	Date-Added = {2012-12-28 14:06:25 +0000},
	Date-Modified = {2012-12-28 14:06:25 +0000},
	Journal = {Nature},
	Number = {4497},
	Pages = {27--29},
	Title = {{Correlation between photons in two coherent beams of light}},
	Volume = {177},
	Year = {1956}}

@article{folling2005,
	Author = {F\"olling, S. and Gerbier, F. and Widera, A. and Mandel, O. and Gericke, T. and Bloch, I.},
	Date-Added = {2012-12-28 09:09:00 +0000},
	Date-Modified = {2012-12-28 09:09:00 +0000},
	Journal = {Nature},
	Number = {7032},
	Pages = {481--484},
	Title = {{Spatial quantum noise interferometry in expanding ultracold atom clouds}},
	Volume = {434},
	Year = {2005}}

@article{Jordan1928,
	Author = {Jordan, P. and Wigner, E.},
	Date-Added = {2012-12-28 09:08:49 +0000},
	Date-Modified = {2012-12-28 09:08:49 +0000},
	Journal = {Zeitschrift f\"ur Physik A Hadrons and Nuclei},
	Number = {9},
	Pages = {631--651},
	Publisher = {Springer},
	Title = {\"uber das paulische \"aquivalenzverbot},
	Volume = {47},
	Year = {1928}}

@article{kleppner2008,
	Author = {Kleppner, D.},
	Date-Added = {2012-12-28 00:25:27 +0000},
	Date-Modified = {2012-12-28 00:25:28 +0000},
	Journal = {Physics Today},
	Number = {8},
	Pages = {8},
	Title = {Hanbury Brown's steamroller},
	Volume = {61},
	Year = {2008},
	Bdsk-File-1 = {YnBsaXN0MDDUAQIDBAUGJCVYJHZlcnNpb25YJG9iamVjdHNZJGFyY2hpdmVyVCR0b3ASAAGGoKgHCBMUFRYaIVUkbnVsbNMJCgsMDxJXTlMua2V5c1pOUy5vYmplY3RzViRjbGFzc6INDoACgAOiEBGABIAFgAdccmVsYXRpdmVQYXRoWWFsaWFzRGF0YV8QRy4uLy4uLy4uL1RQMi9UUDJuZXcvTGl0ZXJhdHVyZS9LbGVwcG5lci9IYW5idXJ5IEJyb3duJ3Mgc3RlYW1yb2xsZXIucGRm0hcLGBlXTlMuZGF0YU8RAj4AAAAAAj4AAgAADE1hY2ludG9zaCBIRAAAAAAAAAAAAAAAAAAAAMzHwf5IKwAAAAXy1R9IYW5idXJ5IEJyb3duJ3Mgc3RlYW1yb2xsZXIucGRmAAAAAAAAAAAAAAAAAAAAAAAAAAAAAAAAAAAAAAAAAAAACkDIzQKXYwAAAAAAAAAAAAMABQAACSAAAAAAAAAAAAAAAAAAAAAIS2xlcHBuZXIAEAAIAADMx8H+AAAAEQAIAADNApdjAAAAAQAkAAXy1QAF8scABfK0AAXysAAF7ZkABe2JAAXtFgAFys4AAgY9AAIAfE1hY2ludG9zaCBIRDpVc2VyczoAYXVzdGVuOgBEcm9wYm94OgBEb2N1bWVudHM6AFRlYWNoaW5nOgBUUDI6AFRQMm5ldzoATGl0ZXJhdHVyZToAS2xlcHBuZXI6AEhhbmJ1cnkgQnJvd24ncyBzdGVhbXJvbGxlci5wZGYADgBAAB8ASABhAG4AYgB1AHIAeQAgAEIAcgBvAHcAbgAnAHMAIABzAHQAZQBhAG0AcgBvAGwAbABlAHIALgBwAGQAZgAPABoADABNAGEAYwBpAG4AdABvAHMAaAAgAEgARAASAGZVc2Vycy9hdXN0ZW4vRHJvcGJveC9Eb2N1bWVudHMvVGVhY2hpbmcvVFAyL1RQMm5ldy9MaXRlcmF0dXJlL0tsZXBwbmVyL0hhbmJ1cnkgQnJvd24ncyBzdGVhbXJvbGxlci5wZGYAEwABLwAAFQACAA3//wAAgAbSGxwdHlokY2xhc3NuYW1lWCRjbGFzc2VzXU5TTXV0YWJsZURhdGGjHR8gVk5TRGF0YVhOU09iamVjdNIbHCIjXE5TRGljdGlvbmFyeaIiIF8QD05TS2V5ZWRBcmNoaXZlctEmJ1Ryb290gAEACAARABoAIwAtADIANwBAAEYATQBVAGAAZwBqAGwAbgBxAHMAdQB3AIQAjgDYAN0A5QMnAykDLgM5A0IDUANUA1sDZANpA3YDeQOLA44DkwAAAAAAAAIBAAAAAAAAACgAAAAAAAAAAAAAAAAAAAOV}}

@article{wilczek1982,
	Author = {Wilczek, F.},
	Date-Added = {2012-12-27 23:55:45 +0000},
	Date-Modified = {2012-12-27 23:55:46 +0000},
	Journal = {Physical Review Letters},
	Number = {14},
	Pages = {957--959},
	Publisher = {APS},
	Title = {Quantum mechanics of fractional-spin particles},
	Volume = {49},
	Year = {1982}}

@article{leinaas1977,
	Author = {Leinaas, J.M. and Myrheim, J.},
	Date-Added = {2012-12-26 22:39:53 +0000},
	Date-Modified = {2012-12-26 22:39:55 +0000},
	Journal = {Il Nuovo Cimento B (1971-1996)},
	Number = {1},
	Pages = {1--23},
	Publisher = {Springer},
	Title = {On the theory of identical particles},
	Volume = {37},
	Year = {1977},
	Bdsk-File-1 = {YnBsaXN0MDDUAQIDBAUGJCVYJHZlcnNpb25YJG9iamVjdHNZJGFyY2hpdmVyVCR0b3ASAAGGoKgHCBMUFRYaIVUkbnVsbNMJCgsMDxJXTlMua2V5c1pOUy5vYmplY3RzViRjbGFzc6INDoACgAOiEBGABIAFgAdccmVsYXRpdmVQYXRoWWFsaWFzRGF0YV8QTy4uLy4uLy4uL1RQMi9UUDJuZXcvTGl0ZXJhdHVyZS9MZWluYWFzL09uIHRoZSB0aGVvcnkgb2YgaWRlbnRpY2FsIHBhcnRpY2xlcy5wZGbSFwsYGVdOUy5kYXRhTxECWAAAAAACWAACAAAMTWFjaW50b3NoIEhEAAAAAAAAAAAAAAAAAAAAzMfB/kgrAAAABfLPH09uIHRoZSB0aGVvcnkgb2YgaWRlbiNDQTIyMy5wZGYAAAAAAAAAAAAAAAAAAAAAAAAAAAAAAAAAAAAAAAAAAAAMoiPNAOFIAAAAAAAAAAAAAwAFAAAJIAAAAAAAAAAAAAAAAAAAAAdMZWluYWFzAAAQAAgAAMzHwf4AAAARAAgAAM0A4UgAAAABACQABfLPAAXyxwAF8rQABfKwAAXtmQAF7YkABe0WAAXKzgACBj0AAgB7TWFjaW50b3NoIEhEOlVzZXJzOgBhdXN0ZW46AERyb3Bib3g6AERvY3VtZW50czoAVGVhY2hpbmc6AFRQMjoAVFAybmV3OgBMaXRlcmF0dXJlOgBMZWluYWFzOgBPbiB0aGUgdGhlb3J5IG9mIGlkZW4jQ0EyMjMucGRmAAAOAFIAKABPAG4AIAB0AGgAZQAgAHQAaABlAG8AcgB5ACAAbwBmACAAaQBkAGUAbgB0AGkAYwBhAGwAIABwAGEAcgB0AGkAYwBsAGUAcwAuAHAAZABmAA8AGgAMAE0AYQBjAGkAbgB0AG8AcwBoACAASABEABIAblVzZXJzL2F1c3Rlbi9Ecm9wYm94L0RvY3VtZW50cy9UZWFjaGluZy9UUDIvVFAybmV3L0xpdGVyYXR1cmUvTGVpbmFhcy9PbiB0aGUgdGhlb3J5IG9mIGlkZW50aWNhbCBwYXJ0aWNsZXMucGRmABMAAS8AABUAAgAN//8AAIAG0hscHR5aJGNsYXNzbmFtZVgkY2xhc3Nlc11OU011dGFibGVEYXRhox0fIFZOU0RhdGFYTlNPYmplY3TSGxwiI1xOU0RpY3Rpb25hcnmiIiBfEA9OU0tleWVkQXJjaGl2ZXLRJidUcm9vdIABAAgAEQAaACMALQAyADcAQABGAE0AVQBgAGcAagBsAG4AcQBzAHUAdwCEAI4A4ADlAO0DSQNLA1ADWwNkA3IDdgN9A4YDiwOYA5sDrQOwA7UAAAAAAAACAQAAAAAAAAAoAAAAAAAAAAAAAAAAAAADtw==}}

@article{dirac1926,
	Author = {Dirac, P.A.M.},
	Date-Added = {2012-12-26 22:36:27 +0000},
	Date-Modified = {2012-12-26 22:36:28 +0000},
	Journal = {Proceedings of the Royal Society of London. Series A, Containing Papers of a Mathematical and Physical Character},
	Pages = {661--677},
	Publisher = {JSTOR},
	Title = {On the theory of quantum mechanics},
	Year = {1926}}

@article{berry1984,
	Author = {Berry, M.V.},
	Date-Added = {2012-12-14 23:42:28 +0000},
	Date-Modified = {2012-12-14 23:42:29 +0000},
	Journal = {Proceedings of the Royal Society of London. A. Mathematical and Physical Sciences},
	Number = {1802},
	Pages = {45--57},
	Publisher = {The Royal Society},
	Title = {Quantal phase factors accompanying adiabatic changes},
	Volume = {392},
	Year = {1984}}
